@book {TLC,
    author = {Frank Mittelbach and Ulrike Fischer},
    title = {The \LaTeX{} Companion},
    edition = {Third edition},
    year = {2023},
    publisher = {Addison-Wesley},
    series = {Tools and Techniques for Computer Typesetting},
}

@manual{tikz,
    author = {Till Tantau},
    title = {The {Ti\emph{k}Z} and \textsc{pgf} packages},
    version = {3.1.10},
    year = {2023},
    url = {https://ctan.org/pkg/pgf},
}
